<record xmlns:xsi="http://www.w3.org/2001/XMLSchema-instance" xmlns="http://www.loc.gov/MARC21/slim" xsi:schemaLocation="http://www.loc.gov/MARC21/slim http://www.loc.gov/standards/marcxml/schema/MARC21slim.xsd">

  <leader>00569nam a2200157Ia 4500</leader>
  <datafield tag="999" ind1=" " ind2=" ">
    <subfield code="c">1122</subfield>
    <subfield code="d">1122</subfield>
  </datafield>
  <controlfield tag="008">180606b2001    v  ||||| |||| 00| | spa d</controlfield>
  <datafield ind2=" " ind1=" " tag="020">
    <subfield code="a">1387-9553</subfield>
  </datafield>
  <datafield ind2=" " ind1=" " tag="090">
    <subfield code="a">04.02.01 </subfield>
    <subfield code="b">1732</subfield>
  </datafield>
  <datafield ind1=" " tag="110" ind2=" ">
    <subfield code="9">3733</subfield>
    <subfield code="a">Bernard van Leer Foundation</subfield>
  </datafield>
  <datafield ind2="4" tag="245" ind1="1">
    <subfield code="a">The Convention on the Rights  of the Child (CRC) and Young Children/ </subfield>
    <subfield code="c">Bernard van Leer Foundation</subfield>
  </datafield>
  <datafield ind1=" " tag="260" ind2=" ">
    <subfield code="a">Venezuela: </subfield>
    <subfield code="b">Bernard Van Leer Foundation, </subfield>
    <subfield code="c">2001</subfield>
  </datafield>
  <datafield ind2=" " tag="300" ind1=" ">
    <subfield code="a">58 páginas;</subfield>
    <subfield code="b">ilustraciones</subfield>
  </datafield>
  <datafield ind2=" " tag="500" ind1=" ">
    <subfield code="a">Early Childhood mathers. Boletín, June 2001, Nº 98</subfield>
  </datafield>
  <datafield ind2="0" ind1=" " tag="650">
    <subfield code="a">DERECHOS DEL NIÑO</subfield>
    <subfield code="9">570</subfield>
  </datafield>
  <datafield ind2=" " tag="942" ind1=" ">
    <subfield code="2">z</subfield>
    <subfield code="c">01</subfield>
  </datafield>
</record>